[gd_scene load_steps=8 format=2]

[ext_resource path="res://objects/levels/RescueMissionController.gd" type="Script" id=1]
[ext_resource path="res://fonts/tiny.tres" type="DynamicFont" id=2]

[sub_resource type="CanvasItemMaterial" id=1]
blend_mode = 1

[sub_resource type="CanvasItemMaterial" id=2]
blend_mode = 1

[sub_resource type="Animation" id=3]
length = 4.0
tracks/0/type = "value"
tracks/0/path = NodePath("HUD/Label_Readout:modulate")
tracks/0/interp = 1
tracks/0/loop_wrap = true
tracks/0/imported = false
tracks/0/enabled = true
tracks/0/keys = {
"times": PoolRealArray( 3, 4 ),
"transitions": PoolRealArray( 1, 1 ),
"update": 0,
"values": [ Color( 1, 1, 1, 1 ), Color( 1, 1, 1, 0 ) ]
}

[sub_resource type="Animation" id=4]
resource_name = "tutorial1"
length = 8.0
tracks/0/type = "value"
tracks/0/path = NodePath("HUD/Label_Tutorial:percent_visible")
tracks/0/interp = 1
tracks/0/loop_wrap = true
tracks/0/imported = false
tracks/0/enabled = true
tracks/0/keys = {
"times": PoolRealArray( 0, 1 ),
"transitions": PoolRealArray( 1, 1 ),
"update": 0,
"values": [ 0.0, 1.0 ]
}
tracks/1/type = "value"
tracks/1/path = NodePath("HUD/Label_Tutorial:modulate")
tracks/1/interp = 1
tracks/1/loop_wrap = true
tracks/1/imported = false
tracks/1/enabled = true
tracks/1/keys = {
"times": PoolRealArray( 0, 7, 8 ),
"transitions": PoolRealArray( 1, 1, 1 ),
"update": 0,
"values": [ Color( 1, 1, 1, 1 ), Color( 1, 1, 1, 1 ), Color( 1, 1, 1, 0 ) ]
}

[sub_resource type="Animation" id=5]
resource_name = "tutorial2"
tracks/0/type = "value"
tracks/0/path = NodePath("HUD/Label_Tutorial:percent_visible")
tracks/0/interp = 1
tracks/0/loop_wrap = true
tracks/0/imported = false
tracks/0/enabled = true
tracks/0/keys = {
"times": PoolRealArray( 0, 1 ),
"transitions": PoolRealArray( 1, 1 ),
"update": 0,
"values": [ 0.0, 1.0 ]
}
tracks/1/type = "value"
tracks/1/path = NodePath("HUD/Label_Tutorial:modulate")
tracks/1/interp = 1
tracks/1/loop_wrap = true
tracks/1/imported = false
tracks/1/enabled = true
tracks/1/keys = {
"times": PoolRealArray( 0 ),
"transitions": PoolRealArray( 1 ),
"update": 0,
"values": [ Color( 1, 1, 1, 1 ) ]
}

[node name="RescueMissionController" type="Node"]
script = ExtResource( 1 )

[node name="HUD" type="CanvasLayer" parent="."]
scale = Vector2( 2, 2 )
transform = Transform2D( 2, 0, 0, 2, 0, 0 )

[node name="Label_Readout" type="Label" parent="HUD"]
material = SubResource( 1 )
anchor_right = 1.0
margin_top = 10.0
margin_right = -640.0
margin_bottom = 38.0
custom_fonts/font = ExtResource( 2 )
custom_colors/font_color = Color( 0.721569, 0.890196, 0.721569, 1 )
align = 1
__meta__ = {
"_edit_use_anchors_": false
}

[node name="Label_FuelRemaining" type="Label" parent="HUD"]
visible = false
material = SubResource( 2 )
anchor_right = 1.0
margin_top = 340.0
margin_right = -640.0
margin_bottom = 350.0
custom_fonts/font = ExtResource( 2 )
custom_colors/font_color = Color( 0.721569, 0.890196, 0.721569, 1 )
align = 1
valign = 2
__meta__ = {
"_edit_use_anchors_": false
}

[node name="Label_Tutorial" type="Label" parent="HUD"]
material = SubResource( 2 )
anchor_right = 1.0
margin_left = 90.0
margin_top = 330.0
margin_right = -730.0
margin_bottom = 351.0
rect_min_size = Vector2( 460, 21 )
custom_fonts/font = ExtResource( 2 )
custom_colors/font_color = Color( 0.721569, 0.890196, 0.721569, 1 )
text = "Welcome to Evodevo II!"
align = 1
valign = 2
autowrap = true
percent_visible = 0.0
__meta__ = {
"_edit_use_anchors_": false
}

[node name="AnimationPlayer" type="AnimationPlayer" parent="."]
anims/got_pod = SubResource( 3 )

[node name="AnimationPlayer_Tutorial" type="AnimationPlayer" parent="."]
anims/tutorial1 = SubResource( 4 )
anims/tutorial2 = SubResource( 5 )

[node name="Timer_UpdateReadout" type="Timer" parent="."]
wait_time = 2.0
autostart = true

[node name="Timer_NextTutorialMessage" type="Timer" parent="."]
wait_time = 8.0
one_shot = true

[node name="Tween" type="Tween" parent="."]

[connection signal="timeout" from="Timer_UpdateReadout" to="." method="_on_Timer_UpdateReadout_timeout"]
[connection signal="timeout" from="Timer_NextTutorialMessage" to="." method="next_tutorial_message"]
