[gd_scene load_steps=13 format=2]

[ext_resource path="res://objects/Player.tscn" type="PackedScene" id=1]
[ext_resource path="res://objects/PlayerCamera.tscn" type="PackedScene" id=2]
[ext_resource path="res://scripts/Game.gd" type="Script" id=3]
[ext_resource path="res://sprites/fog1.png" type="Texture" id=4]
[ext_resource path="res://sprites/stars.png" type="Texture" id=5]
[ext_resource path="res://music/engine_failure.ogg" type="AudioStream" id=6]
[ext_resource path="res://objects/Gun2.tscn" type="PackedScene" id=7]
[ext_resource path="res://objects/Gun1.tscn" type="PackedScene" id=8]
[ext_resource path="res://objects/levels/EngineFailureController.tscn" type="PackedScene" id=9]
[ext_resource path="res://objects/ui/AchievementPopup.tscn" type="PackedScene" id=10]
[ext_resource path="res://objects/ui/PauseScreen.tscn" type="PackedScene" id=11]

[sub_resource type="CanvasItemMaterial" id=1]
blend_mode = 1

[node name="EngineFailure" type="Node2D"]
script = ExtResource( 3 )

[node name="PlayerCamera" parent="." instance=ExtResource( 2 )]

[node name="Player" parent="." instance=ExtResource( 1 )]
position = Vector2( 531.908, 452.722 )
rotation = -2.39249
linear_damp = -1.0
angular_damp = -1.0
engines_disabled = true

[node name="Gun1" parent="." instance=ExtResource( 8 )]
position = Vector2( 536.315, 456.811 )
rotation = -2.39249

[node name="Gun2" parent="." instance=ExtResource( 7 )]
position = Vector2( 527.479, 448.634 )
rotation = -2.39249

[node name="EngineFailureController" parent="." instance=ExtResource( 9 )]
path_player = NodePath("../Player")
path_achievement_popup = NodePath("../AchievementLayer/AchievementPopup")

[node name="Blackout" type="CanvasLayer" parent="."]

[node name="ColorRect" type="ColorRect" parent="Blackout"]
modulate = Color( 1, 1, 1, 0 )
anchor_right = 1.0
anchor_bottom = 1.0
color = Color( 0, 0, 0, 1 )
__meta__ = {
"_edit_use_anchors_": false
}

[node name="AchievementLayer" type="CanvasLayer" parent="."]
layer = 128

[node name="AchievementPopup" parent="AchievementLayer" instance=ExtResource( 10 )]

[node name="PauseScreen" parent="." instance=ExtResource( 11 )]

[node name="ParallaxBackground" type="ParallaxBackground" parent="."]

[node name="ParallaxLayer" type="ParallaxLayer" parent="ParallaxBackground"]
motion_scale = Vector2( 0.1, 0.1 )

[node name="Starfield" type="Sprite" parent="ParallaxBackground/ParallaxLayer"]
scale = Vector2( 0.5, 0.5 )
z_index = -128
texture = ExtResource( 5 )
region_enabled = true
region_rect = Rect2( 0, 0, 2048, 2048 )

[node name="ParallaxLayer2" type="ParallaxLayer" parent="ParallaxBackground"]
motion_scale = Vector2( 0.2, 0.2 )

[node name="Fog" type="Sprite" parent="ParallaxBackground/ParallaxLayer2"]
material = SubResource( 1 )
scale = Vector2( 0.5, 0.5 )
z_index = -128
texture = ExtResource( 4 )
region_enabled = true
region_rect = Rect2( 0, 0, 4096, 4096 )

[node name="ParallaxLayer3" type="ParallaxLayer" parent="ParallaxBackground"]
motion_scale = Vector2( 0.5, 0.5 )

[node name="Fog" type="Sprite" parent="ParallaxBackground/ParallaxLayer3"]
material = SubResource( 1 )
z_index = -128
texture = ExtResource( 4 )
region_enabled = true
region_rect = Rect2( 0, 0, 4096, 4096 )

[node name="Audio_BGM" type="AudioStreamPlayer" parent="."]
stream = ExtResource( 6 )
bus = "BGM"

[node name="Tween" type="Tween" parent="."]

[connection signal="destroyed" from="Player" to="." method="_on_Player_destroyed"]
[connection signal="fire" from="Player" to="EngineFailureController" method="_on_Player_fire"]
[connection signal="out_of_bounds" from="Player" to="EngineFailureController" method="_on_Player_out_of_bounds"]
[connection signal="stage_complete" from="EngineFailureController" to="." method="stage_clear"]
