[gd_scene load_steps=13 format=2]

[ext_resource path="res://objects/Player.tscn" type="PackedScene" id=1]
[ext_resource path="res://objects/PlayerCamera.tscn" type="PackedScene" id=2]
[ext_resource path="res://scripts/Game.gd" type="Script" id=3]
[ext_resource path="res://sprites/fog1.png" type="Texture" id=4]
[ext_resource path="res://sprites/stars.png" type="Texture" id=5]
[ext_resource path="res://music/asteroids1.ogg" type="AudioStream" id=6]
[ext_resource path="res://objects/ui/AchievementPopup.tscn" type="PackedScene" id=7]
[ext_resource path="res://objects/ui/PauseScreen.tscn" type="PackedScene" id=8]
[ext_resource path="res://objects/levels/RescueMissionController.tscn" type="PackedScene" id=9]
[ext_resource path="res://objects/ui/OutOfBoundsWarning.tscn" type="PackedScene" id=10]
[ext_resource path="res://objects/EscapePod.tscn" type="PackedScene" id=11]

[sub_resource type="CanvasItemMaterial" id=1]
blend_mode = 1

[node name="RescueMission" type="Node2D"]
script = ExtResource( 3 )

[node name="PlayerCamera" parent="." instance=ExtResource( 2 )]

[node name="Player" parent="." instance=ExtResource( 1 )]
position = Vector2( 368.748, 583.754 )
rotation = 0.261799
linear_damp = -1.0
angular_damp = -1.0

[node name="EscapePod" parent="." instance=ExtResource( 11 )]
position = Vector2( 711.783, 313.992 )

[node name="RescueMissionController" parent="." instance=ExtResource( 9 )]
path_player = NodePath("../Player")
path_escape_pod = NodePath("../EscapePod")
path_achievement_popup = NodePath("../AchievementLayer/AchievementPopup")
path_oob_warning = NodePath("../OutOfBoundsWarning")

[node name="OutOfBoundsWarning" parent="." instance=ExtResource( 10 )]
path_player = NodePath("../Player")
area_bounds = Vector2( 1024, 1024 )

[node name="Blackout" type="CanvasLayer" parent="."]

[node name="ColorRect" type="ColorRect" parent="Blackout"]
modulate = Color( 1, 1, 1, 0 )
anchor_right = 1.0
anchor_bottom = 1.0
color = Color( 0, 0, 0, 1 )
__meta__ = {
"_edit_use_anchors_": false
}

[node name="AchievementLayer" type="CanvasLayer" parent="."]
layer = 128

[node name="AchievementPopup" parent="AchievementLayer" instance=ExtResource( 7 )]

[node name="PauseScreen" parent="." instance=ExtResource( 8 )]

[node name="ParallaxBackground" type="ParallaxBackground" parent="."]

[node name="ParallaxLayer" type="ParallaxLayer" parent="ParallaxBackground"]
motion_scale = Vector2( 0.1, 0.1 )

[node name="Starfield" type="Sprite" parent="ParallaxBackground/ParallaxLayer"]
scale = Vector2( 0.5, 0.5 )
z_index = -128
texture = ExtResource( 5 )
region_enabled = true
region_rect = Rect2( 0, 0, 2048, 2048 )

[node name="ParallaxLayer2" type="ParallaxLayer" parent="ParallaxBackground"]
motion_scale = Vector2( 0.2, 0.2 )

[node name="Fog" type="Sprite" parent="ParallaxBackground/ParallaxLayer2"]
material = SubResource( 1 )
scale = Vector2( 0.5, 0.5 )
z_index = -128
texture = ExtResource( 4 )
region_enabled = true
region_rect = Rect2( 0, 0, 4096, 4096 )

[node name="ParallaxLayer3" type="ParallaxLayer" parent="ParallaxBackground"]
motion_scale = Vector2( 0.5, 0.5 )

[node name="Fog" type="Sprite" parent="ParallaxBackground/ParallaxLayer3"]
material = SubResource( 1 )
z_index = -128
texture = ExtResource( 4 )
region_enabled = true
region_rect = Rect2( 0, 0, 4096, 4096 )

[node name="Audio_BGM" type="AudioStreamPlayer" parent="."]
stream = ExtResource( 6 )
pitch_scale = 0.43
bus = "BGM"

[node name="Tween" type="Tween" parent="."]

[connection signal="asteroid_hit" from="Player" to="RescueMissionController" method="_on_PlayerOrPod_asteroid_hit"]
[connection signal="destroyed" from="Player" to="." method="_on_Player_destroyed"]
[connection signal="out_of_bounds" from="Player" to="RescueMissionController" method="_on_Player_out_of_bounds"]
[connection signal="asteroid_hit" from="EscapePod" to="RescueMissionController" method="_on_PlayerOrPod_asteroid_hit"]
[connection signal="pod_destroyed" from="EscapePod" to="RescueMissionController" method="_on_EscapePod_pod_destroyed"]
[connection signal="pod_rescued" from="EscapePod" to="RescueMissionController" method="_on_EscapePod_pod_rescued"]
[connection signal="mission_failed" from="RescueMissionController" to="." method="_mission_failed"]
[connection signal="stage_complete" from="RescueMissionController" to="." method="stage_clear"]
